{"products":{"1N5lQN2gzW7sFtX6phlX":{"updated":"2020-10-10T05:44:44.121Z","timestamp":"2020-10-18T05:40:53.620Z","id":"1N5lQN2gzW7sFtX6phlX","deleted":true,"name":"ライジングコーヒー","department":"kd8c2VInnobDeS7hxOeu","info":"test","sales":2000,"qty":98,"count":2,"dept":"kd8c2VInnobDeS7hxOeu","price":1000,"old_id":"1N5lQN2gzW7sFtX6phlX"},"1OeAaSy0yi6mVNfNrfds":{"qty":0,"sales":14400,"timestamp":"2021-02-09T02:19:34.109Z","deleted":false,"price":1200,"name":"【終了】梅干し／まろやか","updatedAt":{"seconds":1610073059,"nanoseconds":249000000},"info":"注文は、食品事業部へメールする","updated":"2021-01-08T02:30:59.104Z","department":"WY11IJ6B58TwaguXdMXK","id":"1OeAaSy0yi6mVNfNrfds","count":12,"dept":"WY11IJ6B58TwaguXdMXK","old_id":"1OeAaSy0yi6mVNfNrfds"},"1XH1O74yrhBIiP8hnV58":{"updatedAt":{"nanoseconds":987000000,"seconds":1611811835},"qty":1,"timestamp":"2021-02-07T02:52:59.140Z","count":2,"price":1879,"deleted":false,"info":"","dept":"WY11IJ6B58TwaguXdMXK","department":"WY11IJ6B58TwaguXdMXK","id":"1XH1O74yrhBIiP8hnV58","name":"●絹とうふ","sales":3758,"old_id":"1XH1O74yrhBIiP8hnV58"},"2Eo6alm8mB4rLtz7heHU":{"sales":14950,"qty":-23,"price":650,"department":"kd8c2VInnobDeS7hxOeu","dept":"kd8c2VInnobDeS7hxOeu","deleted":false,"info":"2021年手帳","name":"手帳2021","timestamp":"2020-11-06T08:42:25.695Z","updated":"2020-12-20T01:25:47.979Z","updatedAt":{"_seconds":1608427548,"_nanoseconds":146000000},"old_id":"2Eo6alm8mB4rLtz7heHU"},"2dLIu1QlAple18ezbFQT":{"deleted":false,"id":"2dLIu1QlAple18ezbFQT","qty":0,"info":"完売","dept":"Ckxj0MUF2L16d4f4ELjG","name":"干し芋セット販売のみ","sales":49200,"price":400,"count":123,"updatedAt":{"nanoseconds":513000000,"seconds":1612929830},"department":"Ckxj0MUF2L16d4f4ELjG","timestamp":"2021-02-11T03:37:04.176Z","old_id":"2dLIu1QlAple18ezbFQT"},"3oaUbZtMYY0pjvtqq3ua":{"price":1250,"qty":-2,"timestamp":"2021-01-24T08:44:20.865Z","info":"40Ｐ","sales":2500,"name":"ドトールコーヒー　バラエティパック","department":"kd8c2VInnobDeS7hxOeu","dept":"kd8c2VInnobDeS7hxOeu","deleted":false,"updatedAt":{"_seconds":1611813276,"_nanoseconds":603000000},"old_id":"3oaUbZtMYY0pjvtqq3ua"},"4MmYPipVretcq9E7oiX1":{"info":"FAXで注文／グリーンプランFAX0220-52-5031／注文単位１００","price":950,"timestamp":"2020-10-09T08:41:29.306Z","sales":0,"department":"WY11IJ6B58TwaguXdMXK","dept":"WY11IJ6B58TwaguXdMXK","name":"培養土","deleted":true,"qty":7,"old_id":"4MmYPipVretcq9E7oiX1"},"4YgM3lHpQEA5z5MjRrwJ":{"timestamp":"2020-09-15T04:47:19.191Z","price":1000,"id":"4YgM3lHpQEA5z5MjRrwJ","department":"fNhboDabBd0pw0tlO9n8","name":"播州そうめん","sales":22000,"division":"食品","updatedAt":{"_seconds":1611288812,"_nanoseconds":3000000},"updated":"2020-12-24T01:43:14.192Z","deleted":false,"qty":65,"old_id":"4YgM3lHpQEA5z5MjRrwJ"},"52vWY4GmwWY7J0D8krNj":{"sales":0,"department":"kd8c2VInnobDeS7hxOeu","deleted":true,"price":1980,"qty":0,"name":"鬼滅の刃カレンダー2021","info":"お届けは12月中旬頃予定（集金時）","timestamp":"2020-10-27T03:14:46.162Z","dept":"kd8c2VInnobDeS7hxOeu","old_id":"52vWY4GmwWY7J0D8krNj"},"5FMiZVuprs5wRz7gtLrI":{"updatedAt":{"seconds":1611640763,"nanoseconds":33000000},"id":"5FMiZVuprs5wRz7gtLrI","qty":0,"name":"【終了】③ドトールコーヒー／バラエティスティック２箱セット","department":"WY11IJ6B58TwaguXdMXK","sales":7500,"info":"1/30締切、高津で取りまとめ","deleted":false,"dept":"WY11IJ6B58TwaguXdMXK","price":1500,"timestamp":"2021-02-17T07:00:52.185Z","count":5,"old_id":"5FMiZVuprs5wRz7gtLrI"},"5VQjDN9HRBwNuWwrQ3vP":{"deleted":true,"qty":3,"dept":"WY11IJ6B58TwaguXdMXK","updated":"2020-10-09T09:02:33.610Z","price":2800,"sales":0,"timestamp":"2020-10-09T08:36:09.283Z","name":"アマノの味噌汁","info":"高津の食品事業部へメール","department":"WY11IJ6B58TwaguXdMXK","old_id":"5VQjDN9HRBwNuWwrQ3vP"},"6bZs6iCjwVGe3bMFhI9p":{"dept":"kd8c2VInnobDeS7hxOeu","department":"kd8c2VInnobDeS7hxOeu","sales":270,"deleted":false,"price":270,"updatedAt":{"_seconds":1613282495,"_nanoseconds":462000000},"qty":-1,"name":"混ぜご飯(ゴボウと生姜）","timestamp":"2021-02-14T06:01:03.196Z","info":"ゴボウと生姜","old_id":"6bZs6iCjwVGe3bMFhI9p"},"77MybuwUUwSHnZnrIusb":{"updatedAt":{"_seconds":1612424112,"_nanoseconds":328000000},"price":750,"deleted":false,"department":"kd8c2VInnobDeS7hxOeu","timestamp":"2021-02-04T07:33:43.687Z","name":"3種類の混ぜご飯セット","dept":"kd8c2VInnobDeS7hxOeu","qty":49,"info":"かしわ、ゴボウ＆生姜、高菜","sales":750,"old_id":"77MybuwUUwSHnZnrIusb"},"7K41GRO5OjyuUbV7rx6u":{"deleted":true,"updated":"2020-12-22T10:30:04.502Z","name":"みかん","price":2600,"count":36,"qty":0,"id":"7K41GRO5OjyuUbV7rx6u","department":"Ckxj0MUF2L16d4f4ELjG","info":"販売終了","timestamp":"2021-01-14T06:51:46.828Z","dept":"Ckxj0MUF2L16d4f4ELjG","updatedAt":{"seconds":1608633004,"nanoseconds":579000000},"sales":93600,"old_id":"7K41GRO5OjyuUbV7rx6u"},"7iZ7SN8WSrWmAv0Dhag0":{"info":"冬至ゆず","deleted":false,"updatedAt":{"_seconds":1607652332,"_nanoseconds":708000000},"price":0,"updated":"2020-12-11T02:05:32.561Z","qty":18,"sales":0,"dept":"kd8c2VInnobDeS7hxOeu","name":"ゆず","timestamp":"2020-12-07T02:16:14.978Z","department":"kd8c2VInnobDeS7hxOeu","old_id":"7iZ7SN8WSrWmAv0Dhag0"},"94txckkf1RCvIHZ7GIEM":{"dept":"WY11IJ6B58TwaguXdMXK","updatedAt":{"_seconds":1612916870,"_nanoseconds":283000000},"timestamp":"2021-02-05T02:31:22.306Z","name":"★★完熟きんかん（春姫）お試しパック　2021　","department":"WY11IJ6B58TwaguXdMXK","price":800,"sales":4800,"deleted":false,"info":"２Ｌ３Ｌ混合500ｇ入り　※締切：2/19　※お届け：2/24以降","count":0,"qty":-6,"id":"94txckkf1RCvIHZ7GIEM","old_id":"94txckkf1RCvIHZ7GIEM"},"96AD8KqvV3VO1zZ1549S":{"timestamp":"2021-01-29T00:46:17.594Z","info":"限定7個","price":2500,"updatedAt":{"_seconds":1612320274,"_nanoseconds":221000000},"name":"赤外線体温計②","deleted":false,"department":"8LKNsHpFP5uKQTxk0nQB","dept":"8LKNsHpFP5uKQTxk0nQB","qty":1,"sales":15000,"old_id":"96AD8KqvV3VO1zZ1549S"},"9QctS7MmSXAT8Af3ftYP":{"department":"8LKNsHpFP5uKQTxk0nQB","updated":"2020-12-22T10:21:47.185Z","division":"新聞","qty":42,"price":1300,"id":"9QctS7MmSXAT8Af3ftYP","deleted":false,"timestamp":"2020-10-26T09:51:41.389Z","count":112,"updatedAt":{"_seconds":1608632507,"_nanoseconds":361000000},"sales":148200,"name":"不織布マスク","old_id":"9QctS7MmSXAT8Af3ftYP"},"9npN2Be8F52QzIeN4Nck":{"updated":"2020-12-05T01:30:11.188Z","timestamp":"2020-12-03T00:01:34.121Z","info":"12/19～12/20お届け","deleted":true,"qty":-1,"name":"ゆず","dept":"8LKNsHpFP5uKQTxk0nQB","price":0,"department":"8LKNsHpFP5uKQTxk0nQB","sales":0,"old_id":"9npN2Be8F52QzIeN4Nck"},"9qxwLcrFGfGgA5aEkbyB":{"price":1000,"department":"WY11IJ6B58TwaguXdMXK","name":"讃岐うどん","dept":"WY11IJ6B58TwaguXdMXK","sales":0,"deleted":true,"timestamp":"2020-10-09T08:32:20.117Z","info":"高津の食品事業部へメール","qty":1,"old_id":"9qxwLcrFGfGgA5aEkbyB"},"9y7bwTyZziYe31e3UHaT":{"id":"9y7bwTyZziYe31e3UHaT","info":"注文は、FAX03ｰ5479ｰ1289","timestamp":"2021-02-09T02:19:09.318Z","deleted":false,"department":"WY11IJ6B58TwaguXdMXK","price":2200,"updated":"2020-11-09T06:10:38.241Z","name":"【終了】G丸佳浩カレンダー2021","qty":0,"count":2,"dept":"WY11IJ6B58TwaguXdMXK","sales":4400,"old_id":"9y7bwTyZziYe31e3UHaT"},"Afed4SqolGXfnN3q7RRZ":{"name":"黒にんにく（500g）","dept":"WY11IJ6B58TwaguXdMXK","timestamp":"2020-10-09T08:08:01.095Z","sales":0,"info":"FAXで注文／東京連合読売会FAX03-6687-5418／注文単位８から","deleted":true,"price":3300,"department":"WY11IJ6B58TwaguXdMXK","qty":7,"old_id":"Afed4SqolGXfnN3q7RRZ"},"ApM6RlRl3GGkZdzneRjx":{"deleted":false,"id":"ApM6RlRl3GGkZdzneRjx","dept":"kd8c2VInnobDeS7hxOeu","price":950,"qty":-34,"updatedAt":{"_seconds":1608274192,"_nanoseconds":617000000},"name":"培養土","timestamp":"2020-11-18T03:59:27.636Z","info":"グリーンプラン㈱　TEL 0220-52-5030　FAX 0220-52-5031","count":8,"updated":"2020-12-18T06:49:52.445Z","department":"kd8c2VInnobDeS7hxOeu","sales":32300,"old_id":"ApM6RlRl3GGkZdzneRjx"},"AqsUsj7jRzCRxSG4AnNF":{"deleted":false,"department":"WY11IJ6B58TwaguXdMXK","qty":0,"id":"AqsUsj7jRzCRxSG4AnNF","updated":"2020-11-06T03:29:03.880Z","sales":3960,"price":1980,"info":"2020年10月21日折込","name":"【終了】鰹ふりだし","timestamp":"2021-02-09T02:19:02.527Z","dept":"WY11IJ6B58TwaguXdMXK","count":2,"old_id":"AqsUsj7jRzCRxSG4AnNF"},"Asc4iegqTh717WjuWl6Q":{"deleted":false,"info":"お届け日：12/19～12/20","sales":0,"count":37,"updated":"2020-12-10T01:04:12.903Z","id":"Asc4iegqTh717WjuWl6Q","name":"【終了】ゆずプレゼント2020","qty":0,"timestamp":"2021-02-09T02:18:54.779Z","department":"WY11IJ6B58TwaguXdMXK","price":0,"dept":"WY11IJ6B58TwaguXdMXK","updatedAt":{"seconds":1607562253,"nanoseconds":205000000},"old_id":"Asc4iegqTh717WjuWl6Q"},"BPEfHupkq90CVcnHOQ5B":{"updatedAt":{"nanoseconds":610000000,"seconds":1612841490},"qty":0,"id":"BPEfHupkq90CVcnHOQ5B","count":25,"department":"WY11IJ6B58TwaguXdMXK","price":750,"name":"【終了】抗ウイルスマスク【Ｌサイズ】","info":"お届け2/16～順次　※注文単位：サイズ混合３枚以上から","dept":"WY11IJ6B58TwaguXdMXK","timestamp":"2021-02-17T07:01:04.473Z","deleted":false,"sales":18750,"old_id":"BPEfHupkq90CVcnHOQ5B"},"BsMDZMiiW9cyNGIsNpeq":{"name":"【終了】干いも（３袋セット）第２回","sales":174000,"timestamp":"2021-02-14T06:08:36.999Z","count":145,"department":"WY11IJ6B58TwaguXdMXK","qty":0,"id":"BsMDZMiiW9cyNGIsNpeq","dept":"WY11IJ6B58TwaguXdMXK","price":1200,"deleted":false,"updated":"2021-01-10T05:52:48.106Z","info":"３袋セット販売","updatedAt":{"seconds":1612671122,"nanoseconds":598000000},"old_id":"BsMDZMiiW9cyNGIsNpeq"},"CO7XjgnaIQdrtP7ujiAB":{"timestamp":"2021-02-05T07:39:57.418Z","qty":-6,"name":"完熟きんかん　２kg.","updatedAt":{"_seconds":1613549881,"_nanoseconds":120000000},"department":"kd8c2VInnobDeS7hxOeu","price":2650,"dept":"kd8c2VInnobDeS7hxOeu","sales":15900,"info":"春姫　２L","deleted":false,"old_id":"CO7XjgnaIQdrtP7ujiAB"},"CT4JFlLdQXv3qoVrnTEs":{"qty":11,"count":42,"timestamp":"2021-02-07T02:52:13.253Z","department":"WY11IJ6B58TwaguXdMXK","name":"●アマノのみそ汁","sales":123200,"info":"食品事業部へメールで注文","price":2800,"deleted":false,"dept":"WY11IJ6B58TwaguXdMXK","id":"CT4JFlLdQXv3qoVrnTEs","updatedAt":{"_seconds":1613444369,"_nanoseconds":470000000},"updated":"2021-01-14T05:48:47.792Z","old_id":"CT4JFlLdQXv3qoVrnTEs"},"D9JgbxTgD4SvyM5i4VPx":{"department":"WY11IJ6B58TwaguXdMXK","sales":5600,"count":36,"info":"注文は電話／情報開発宣伝事業部TEL03ｰ5212ｰ1313／注文単位１０","dept":"WY11IJ6B58TwaguXdMXK","updated":"2021-01-13T05:31:05.450Z","id":"D9JgbxTgD4SvyM5i4VPx","qty":36,"price":100,"deleted":false,"updatedAt":{"_seconds":1612506911,"_nanoseconds":240000000},"timestamp":"2021-01-05T05:06:18.273Z","name":"●編集手帳書き写しノート","old_id":"D9JgbxTgD4SvyM5i4VPx"},"DBWehg5BjKJEdnBiHhCC":{"sales":15750,"timestamp":"2021-02-04T05:31:02.164Z","deleted":false,"price":750,"info":"ホワイト　Ｍ／Ｌ","dept":"kd8c2VInnobDeS7hxOeu","department":"kd8c2VInnobDeS7hxOeu","qty":29,"name":"抗ウイルスマスク","updatedAt":{"_seconds":1613098419,"_nanoseconds":833000000},"old_id":"DBWehg5BjKJEdnBiHhCC"},"DDYutgzU9a0zOod36zPr":{"updated":"2020-11-30T00:54:03.914Z","department":"8LKNsHpFP5uKQTxk0nQB","timestamp":"2020-11-05T04:12:17.706Z","sales":0,"price":0,"qty":416,"deleted":true,"id":"DDYutgzU9a0zOod36zPr","info":"備考に賞と集金人を入れる","count":6,"dept":"8LKNsHpFP5uKQTxk0nQB","name":"大感謝祭　サンクス賞","old_id":"DDYutgzU9a0zOod36zPr"},"DV1VniEarAMFSPBNgbuG":{"updated":"2020-09-25T04:55:52.906Z","sales":10000,"qty":100,"timestamp":"2020-09-25T00:14:03.438Z","info":"test","deleted":true,"price":1000,"name":"test","department":"WY11IJ6B58TwaguXdMXK","dept":"WY11IJ6B58TwaguXdMXK","old_id":"DV1VniEarAMFSPBNgbuG"},"DnlhEXdpZvZlkWafF08e":{"qty":0,"price":2480,"updated":"2020-10-06T11:56:11.382Z","department":"Ckxj0MUF2L16d4f4ELjG","division":"八千代食品","sales":86800,"deleted":true,"timestamp":"2020-10-06T12:02:27.803Z","name":"シバクイーン","id":"DnlhEXdpZvZlkWafF08e","old_id":"DnlhEXdpZvZlkWafF08e"},"EEct9cRgDCijIfAmB02T":{"info":"高津の食品事業部へメール","name":"梅干し／しそ","sales":0,"dept":"WY11IJ6B58TwaguXdMXK","timestamp":"2020-10-09T08:28:58.700Z","deleted":true,"department":"WY11IJ6B58TwaguXdMXK","price":1200,"qty":4,"old_id":"EEct9cRgDCijIfAmB02T"},"F0Qw7hQRTwESk7aGBpeL":{"deleted":false,"sales":60000,"dept":"WY11IJ6B58TwaguXdMXK","updated":"2020-12-07T09:57:53.681Z","qty":0,"name":"【終了】皇室カレンダー2021","count":50,"id":"F0Qw7hQRTwESk7aGBpeL","info":"お届けは12月中旬頃予定（集金時）","price":1200,"department":"WY11IJ6B58TwaguXdMXK","timestamp":"2021-02-09T02:18:46.336Z","old_id":"F0Qw7hQRTwESk7aGBpeL"},"F4oB6JMBoVQNMNmzmk1R":{"sales":3750,"qty":0,"name":"【終了】②ドトールコーヒー／バラエティパック４０Ｐ","deleted":false,"department":"WY11IJ6B58TwaguXdMXK","updatedAt":{"nanoseconds":649000000,"seconds":1611640717},"dept":"WY11IJ6B58TwaguXdMXK","count":3,"info":"1/30締切、高津で取りまとめ","timestamp":"2021-02-17T07:01:16.733Z","id":"F4oB6JMBoVQNMNmzmk1R","price":1250,"old_id":"F4oB6JMBoVQNMNmzmk1R"},"FUiDaey1lNLtcxvub1HL":{"department":"Ckxj0MUF2L16d4f4ELjG","dept":"Ckxj0MUF2L16d4f4ELjG","sales":23760,"count":12,"updated":"2020-12-10T06:06:31.437Z","qty":0,"name":"黒にんにく","timestamp":"2021-01-09T09:56:04.432Z","deleted":true,"id":"FUiDaey1lNLtcxvub1HL","price":1980,"updatedAt":{"seconds":1607580385,"nanoseconds":12000000},"info":"定期便","old_id":"FUiDaey1lNLtcxvub1HL"},"FdKS48lEhPXMSxCkLfEk":{"department":"WY11IJ6B58TwaguXdMXK","dept":"WY11IJ6B58TwaguXdMXK","updatedAt":{"_seconds":1612834577,"_nanoseconds":543000000},"count":0,"info":"1/26朝刊入り","deleted":false,"qty":3,"id":"FdKS48lEhPXMSxCkLfEk","price":2500,"timestamp":"2021-01-27T04:08:31.750Z","sales":367500,"name":"◆◆オキシナビ","old_id":"FdKS48lEhPXMSxCkLfEk"},"HPlID5P4lRuNxHnfeQWK":{"price":2100,"count":6,"id":"HPlID5P4lRuNxHnfeQWK","dept":"WY11IJ6B58TwaguXdMXK","sales":12600,"info":"1/30締切、高津で取りまとめ","name":"【終了】①ドトールコーヒー／オリジナルブレンド５０Ｐ","qty":0,"deleted":false,"department":"WY11IJ6B58TwaguXdMXK","timestamp":"2021-02-17T07:01:26.349Z","updatedAt":{"nanoseconds":60000000,"seconds":1611737990},"old_id":"HPlID5P4lRuNxHnfeQWK"},"HqOhE4EyOTO2LNoCHAnD":{"info":"販売終了・お届け日は2月8日、9日、10日のいずれか","name":"デコポン","deleted":false,"dept":"Ckxj0MUF2L16d4f4ELjG","updated":"2021-01-14T08:15:57.744Z","updatedAt":{"seconds":1611553163,"nanoseconds":312000000},"qty":0,"timestamp":"2021-01-25T10:22:21.277Z","count":27,"sales":72900,"id":"HqOhE4EyOTO2LNoCHAnD","price":2700,"department":"Ckxj0MUF2L16d4f4ELjG","old_id":"HqOhE4EyOTO2LNoCHAnD"},"INW3At3IGKJ1W9SO2ri1":{"info":"※まだ中央店には在庫ありません","qty":4,"department":"WY11IJ6B58TwaguXdMXK","updatedAt":{"nanoseconds":280000000,"seconds":1612491109},"price":750,"id":"INW3At3IGKJ1W9SO2ri1","name":"★★まぜごはん３点セット","deleted":false,"updated":"2021-01-14T08:43:13.413Z","timestamp":"2021-02-17T07:02:44.929Z","sales":21750,"dept":"WY11IJ6B58TwaguXdMXK","count":29,"old_id":"INW3At3IGKJ1W9SO2ri1"},"IhaPVbP3TqGqOJWW720p":{"department":"kd8c2VInnobDeS7hxOeu","timestamp":"2020-10-27T03:13:11.473Z","price":50,"name":"YCカレンダー2021","sales":0,"qty":0,"deleted":true,"info":"お届けは11月下旬頃予定（集金時）","dept":"kd8c2VInnobDeS7hxOeu","old_id":"IhaPVbP3TqGqOJWW720p"},"J9ZVwYPGUXalPXCqTXZq":{"department":"WY11IJ6B58TwaguXdMXK","timestamp":"2020-10-09T08:29:44.470Z","qty":1,"name":"梅干し／かつお","sales":0,"info":"高津の食品事業部へメール","price":1200,"deleted":true,"dept":"WY11IJ6B58TwaguXdMXK","old_id":"J9ZVwYPGUXalPXCqTXZq"},"JWZvydkYUNr2V9P3ZMnF":{"name":"伊藤園　ﾍﾟｯﾄﾎﾞﾄﾙ　お茶","deleted":false,"count":1,"department":"WY11IJ6B58TwaguXdMXK","id":"JWZvydkYUNr2V9P3ZMnF","price":980,"dept":"WY11IJ6B58TwaguXdMXK","sales":1960,"updated":"2020-12-07T08:33:30.505Z","timestamp":"2020-11-25T08:49:36.514Z","qty":0,"info":"伊藤園　茂原　0475-25-2411　","old_id":"JWZvydkYUNr2V9P3ZMnF"},"K4srcZ0EMSKpe2dmNx2s":{"info":"12月上旬発売","dept":"WY11IJ6B58TwaguXdMXK","name":"【終了】報知競馬カレンダー2021","count":1,"id":"K4srcZ0EMSKpe2dmNx2s","updatedAt":{"seconds":1608279676,"nanoseconds":716000000},"sales":1550,"qty":0,"timestamp":"2021-02-09T02:18:16.713Z","department":"WY11IJ6B58TwaguXdMXK","price":1550,"updated":"2020-12-18T08:21:16.489Z","deleted":false,"old_id":"K4srcZ0EMSKpe2dmNx2s"},"K8UqIqhZcuhZeX6AKAta":{"department":"8LKNsHpFP5uKQTxk0nQB","price":650,"sales":63500,"count":4,"id":"K8UqIqhZcuhZeX6AKAta","deleted":false,"updated":"2020-12-27T08:12:27.102Z","timestamp":"2020-10-29T03:55:36.295Z","dept":"8LKNsHpFP5uKQTxk0nQB","name":"女性の手帳","qty":7,"info":"女性の手帳の注文","updatedAt":{"_seconds":1609056747,"_nanoseconds":315000000},"old_id":"K8UqIqhZcuhZeX6AKAta"},"K9d0jmcWA3CFjhZ86JzE":{"name":"播州そうめん","qty":7,"timestamp":"2020-10-09T08:33:32.980Z","price":1000,"dept":"WY11IJ6B58TwaguXdMXK","deleted":true,"department":"WY11IJ6B58TwaguXdMXK","count":0,"id":"K9d0jmcWA3CFjhZ86JzE","info":"高津の食品事業部へメール","sales":0,"old_id":"K9d0jmcWA3CFjhZ86JzE"},"KSPMOINz9Q2FknXRiOfp":{"timestamp":"2020-10-09T08:20:17.756Z","info":"電話で注文／伊藤園（茂原支店）TEL0475-25-2411","department":"WY11IJ6B58TwaguXdMXK","sales":0,"qty":0,"price":980,"name":"おーいお茶（250mlペット）","deleted":true,"dept":"WY11IJ6B58TwaguXdMXK","old_id":"KSPMOINz9Q2FknXRiOfp"},"KUQ8qOPMP4tsShSUU7ek":{"price":2650,"sales":null,"timestamp":"2021-01-30T07:13:40.389Z","dept":"Ckxj0MUF2L16d4f4ELjG","department":"Ckxj0MUF2L16d4f4ELjG","qty":null,"deleted":false,"count":0,"id":"KUQ8qOPMP4tsShSUU7ek","updatedAt":{"_seconds":1613441780,"_nanoseconds":64000000},"info":"備考に500ｇか2キロか入れて・届け日は24日以降順次","name":"金柑","old_id":"KUQ8qOPMP4tsShSUU7ek"},"KnFgW57yOfTrBgYTyiZw":{"updated":"2021-01-06T02:41:09.009Z","count":587,"info":"お届けは11月下旬頃予定（集金時）","department":"WY11IJ6B58TwaguXdMXK","dept":"WY11IJ6B58TwaguXdMXK","price":50,"sales":29350,"deleted":false,"name":"【終了】YCカレンダー2021","updatedAt":{"nanoseconds":661000000,"seconds":1612311928},"timestamp":"2021-02-09T02:19:23.054Z","id":"KnFgW57yOfTrBgYTyiZw","qty":13,"old_id":"KnFgW57yOfTrBgYTyiZw"},"KsATJvRrSaSCO0Cb1YSS":{"info":"一番下の所に配置","dept":"WY11IJ6B58TwaguXdMXK","timestamp":"2020-11-09T06:41:26.569Z","price":0,"department":"WY11IJ6B58TwaguXdMXK","sales":0,"qty":0,"name":"★★★","deleted":true,"old_id":"KsATJvRrSaSCO0Cb1YSS"},"L9zModqqV7USyPIBx3z6":{"info":"1/22朝刊折込","id":"L9zModqqV7USyPIBx3z6","timestamp":"2021-02-09T02:17:58.822Z","count":100,"qty":0,"name":"【終了】節分豆プレゼント2021年","department":"WY11IJ6B58TwaguXdMXK","price":0,"dept":"WY11IJ6B58TwaguXdMXK","updatedAt":{"nanoseconds":827000000,"seconds":1611296698},"deleted":false,"sales":0,"old_id":"L9zModqqV7USyPIBx3z6"},"MPSABxo9XmmrNzwc6QZ9":{"info":"2021年カレンダー","dept":"kd8c2VInnobDeS7hxOeu","name":"千葉日報カレンダー房総の四季2021","deleted":false,"qty":-31,"sales":29450,"timestamp":"2020-11-06T08:39:29.100Z","updated":"2020-11-26T03:27:57.978Z","price":950,"department":"kd8c2VInnobDeS7hxOeu","old_id":"MPSABxo9XmmrNzwc6QZ9"},"N4idOHiTeZjS2nJohiXI":{"sales":3000,"price":1000,"qty":97,"id":"N4idOHiTeZjS2nJohiXI","dept":"WY11IJ6B58TwaguXdMXK","info":"本日も晴天なり","count":3,"name":"テストそうめん山盛り","department":"WY11IJ6B58TwaguXdMXK","deleted":true,"timestamp":"2020-10-09T09:52:30.877Z","updated":"2020-10-09T04:12:37.551Z","old_id":"N4idOHiTeZjS2nJohiXI"},"N8CemFPagKrk5naq4wDR":{"name":"家計簿2021","updated":"2020-12-18T06:42:45.641Z","info":"2021年家計簿","department":"kd8c2VInnobDeS7hxOeu","sales":6250,"qty":-25,"dept":"kd8c2VInnobDeS7hxOeu","deleted":false,"timestamp":"2020-11-06T08:41:45.284Z","updatedAt":{"_seconds":1608273765,"_nanoseconds":832000000},"price":250,"old_id":"N8CemFPagKrk5naq4wDR"},"NBibC2Cz6VdTnaVMWaCU":{"timestamp":"2020-10-27T03:14:18.077Z","price":1200,"qty":0,"deleted":true,"sales":0,"dept":"kd8c2VInnobDeS7hxOeu","department":"kd8c2VInnobDeS7hxOeu","name":"皇室カレンダー2021","info":"お届けは12月中旬頃予定（集金時）","old_id":"NBibC2Cz6VdTnaVMWaCU"},"NHCZ2lVj64DGYtC5dFcR":{"department":"WY11IJ6B58TwaguXdMXK","deleted":false,"name":"★★ごぼうと生姜のまぜごはん","count":0,"id":"NHCZ2lVj64DGYtC5dFcR","sales":270,"dept":"WY11IJ6B58TwaguXdMXK","updatedAt":{"_seconds":1613545096,"_nanoseconds":296000000},"qty":0,"timestamp":"2021-02-17T06:58:56.593Z","price":270,"info":"※まだ中央店には在庫ありません","old_id":"NHCZ2lVj64DGYtC5dFcR"},"Nz6oYVhsMTqvX7OElbFp":{"timestamp":"2020-10-28T00:06:38.566Z","dept":"8LKNsHpFP5uKQTxk0nQB","updatedAt":{"_seconds":1609144542,"_nanoseconds":402000000},"department":"8LKNsHpFP5uKQTxk0nQB","price":1980,"info":"鬼滅の刃カレンダーの注文","qty":94,"name":"鬼滅の刃カレンダー","sales":209880,"deleted":true,"updated":"2020-12-28T08:35:42.162Z","old_id":"Nz6oYVhsMTqvX7OElbFp"},"OdWGHcuCiIoUkr5OTu4V":{"deleted":true,"price":1100,"qty":0,"sales":0,"info":"高津の食品事業部へメール","department":"WY11IJ6B58TwaguXdMXK","name":"信州そば","timestamp":"2020-10-09T08:34:04.997Z","dept":"WY11IJ6B58TwaguXdMXK","old_id":"OdWGHcuCiIoUkr5OTu4V"},"Oofdgz4wJQpHwF34DF6f":{"price":0,"sales":0,"id":"Oofdgz4wJQpHwF34DF6f","deleted":false,"updated":"2020-11-24T01:10:15.609Z","count":3,"dept":"8LKNsHpFP5uKQTxk0nQB","name":"大感謝祭　スマイル賞～　500円QUOカード","department":"8LKNsHpFP5uKQTxk0nQB","qty":489,"info":"スマイル賞以上","timestamp":"2020-11-07T05:07:55.500Z","old_id":"Oofdgz4wJQpHwF34DF6f"},"OsDbhtYYrsCSZb7goDkG":{"dept":"WY11IJ6B58TwaguXdMXK","id":"OsDbhtYYrsCSZb7goDkG","updated":"2020-12-17T05:36:44.520Z","price":2200,"qty":0,"deleted":false,"timestamp":"2021-02-09T02:17:48.435Z","sales":6600,"count":3,"department":"WY11IJ6B58TwaguXdMXK","name":"【終了】Ｇ坂本勇人カレンダー2021","info":"12/4売切れ注文不可","updatedAt":{"nanoseconds":780000000,"seconds":1608183404},"old_id":"OsDbhtYYrsCSZb7goDkG"},"P7cRdhpiQbe5ZniO94kv":{"info":"お届けは11月下旬頃予定（集金時）","updated":"2021-01-05T08:43:57.465Z","department":"WY11IJ6B58TwaguXdMXK","updatedAt":{"seconds":1607751749,"nanoseconds":780000000},"dept":"WY11IJ6B58TwaguXdMXK","timestamp":"2021-02-09T02:17:41.903Z","count":82,"qty":0,"id":"P7cRdhpiQbe5ZniO94kv","name":"【終了】千葉日報カレンダー房総の四季2021","deleted":false,"sales":77900,"price":950,"old_id":"P7cRdhpiQbe5ZniO94kv"},"Q0PISlSCf9fuxZGs7Yc3":{"updatedAt":{"nanoseconds":300000000,"seconds":1609897599},"department":"WY11IJ6B58TwaguXdMXK","price":3278,"dept":"WY11IJ6B58TwaguXdMXK","qty":0,"deleted":false,"id":"Q0PISlSCf9fuxZGs7Yc3","updated":"2021-01-06T01:46:38.649Z","count":44,"timestamp":"2021-02-09T03:36:06.914Z","sales":144232,"name":"【終了】銀抗菌チタン包丁","info":"お届けは、2021年２月上旬","old_id":"Q0PISlSCf9fuxZGs7Yc3"},"QzbEE8gEWAJsepwYhr6u":{"info":"培養土","timestamp":"2020-11-18T03:45:17.542Z","qty":73,"sales":0,"price":950,"name":"培養土","deleted":true,"department":"kd8c2VInnobDeS7hxOeu","dept":"kd8c2VInnobDeS7hxOeu","old_id":"QzbEE8gEWAJsepwYhr6u"},"R2B7AJkQ3hiJfLXEPyUI":{"deleted":true,"timestamp":"2020-10-06T12:01:22.328Z","id":"R2B7AJkQ3hiJfLXEPyUI","qty":0,"price":3240,"dept":"fNhboDabBd0pw0tlO9n8","name":"らっきょう4p","department":"fNhboDabBd0pw0tlO9n8","sales":0,"division":"食品","old_id":"R2B7AJkQ3hiJfLXEPyUI"},"R40XvGwHSPEpQpIkdd3U":{"department":"fNhboDabBd0pw0tlO9n8","sales":19800,"price":1980,"updated":"2020-11-06T01:54:01.247Z","dept":"fNhboDabBd0pw0tlO9n8","timestamp":"2021-01-09T09:55:44.354Z","name":"ふりだし","info":"あご完売　鰹残9","deleted":true,"id":"R40XvGwHSPEpQpIkdd3U","qty":0,"count":10,"old_id":"R40XvGwHSPEpQpIkdd3U"},"RXxuy0ZyRFc3ZXWKUYxI":{"updatedAt":{"seconds":1608532126,"nanoseconds":817000000},"dept":"WY11IJ6B58TwaguXdMXK","info":"ｸﾞﾘｰﾝﾌﾟﾗﾝ㈱　TEL 0220-52-5030　FAX 0220-52-5031","sales":53200,"name":"【終了】培養土","updated":"2020-12-21T06:28:46.620Z","count":56,"qty":0,"timestamp":"2021-02-09T02:16:59.723Z","department":"WY11IJ6B58TwaguXdMXK","deleted":false,"id":"RXxuy0ZyRFc3ZXWKUYxI","price":950,"old_id":"RXxuy0ZyRFc3ZXWKUYxI"},"RYYiJSWPwwLaZFdDcGLV":{"dept":"WY11IJ6B58TwaguXdMXK","qty":3,"price":630,"deleted":true,"info":"電話で注文／麺工房こんどうTEL0959-54-2405","sales":0,"department":"WY11IJ6B58TwaguXdMXK","timestamp":"2020-10-09T08:17:26.340Z","name":"西海の塩（250g）","old_id":"RYYiJSWPwwLaZFdDcGLV"},"ReTAHSORJj5MO8fbOpLA":{"id":"ReTAHSORJj5MO8fbOpLA","sales":176220,"dept":"WY11IJ6B58TwaguXdMXK","count":89,"department":"WY11IJ6B58TwaguXdMXK","info":"お届けは12月中旬頃予定（集金時）","name":"【終了】鬼滅の刃カレンダー2021","timestamp":"2021-02-09T02:16:38.390Z","qty":1,"deleted":false,"updated":"2020-12-07T10:10:46.188Z","price":1980,"old_id":"ReTAHSORJj5MO8fbOpLA"},"Rnoz6SjVpwzOQnzQkCzT":{"qty":49,"deleted":false,"name":"本格どんぶり","timestamp":"2021-02-04T05:32:17.411Z","info":"12色セット","sales":3564,"department":"kd8c2VInnobDeS7hxOeu","dept":"kd8c2VInnobDeS7hxOeu","updatedAt":{"_seconds":1612417036,"_nanoseconds":755000000},"price":3564,"old_id":"Rnoz6SjVpwzOQnzQkCzT"},"SO6Ify2uLzYTNyaNRMgp":{"count":58,"sales":190124,"updated":"2021-01-14T08:13:18.037Z","price":3278,"name":"チタン包丁","dept":"Ckxj0MUF2L16d4f4ELjG","department":"Ckxj0MUF2L16d4f4ELjG","id":"SO6Ify2uLzYTNyaNRMgp","info":"販売終了　1月末頃のお届け","qty":0,"updatedAt":{"seconds":1611366400,"nanoseconds":248000000},"timestamp":"2021-01-23T01:57:48.150Z","deleted":false,"old_id":"SO6Ify2uLzYTNyaNRMgp"},"TBvPs4DIZRGe2wygek6x":{"sales":38500,"deleted":false,"dept":"kd8c2VInnobDeS7hxOeu","price":250,"qty":-154,"timestamp":"2020-11-06T08:36:26.380Z","department":"kd8c2VInnobDeS7hxOeu","updated":"2020-12-13T01:05:20.147Z","info":"2021年カレンダー","updatedAt":{"_seconds":1607821520,"_nanoseconds":360000000},"name":"ディズニーカレンダー2021","old_id":"TBvPs4DIZRGe2wygek6x"},"THoIQTdfm7cFLICXGLYM":{"id":"THoIQTdfm7cFLICXGLYM","deleted":false,"name":"信州そば","timestamp":"2020-10-03T03:42:56.219Z","updated":"2020-10-08T12:25:16.419Z","qty":0,"division":"食品","price":1100,"sales":7700,"department":"fNhboDabBd0pw0tlO9n8","updatedAt":{"_seconds":1611286309,"_nanoseconds":898000000},"old_id":"THoIQTdfm7cFLICXGLYM"},"UBbFoY60Dz31RtWqwhKl":{"updatedAt":{"_seconds":1612655765,"_nanoseconds":391000000},"timestamp":"2021-02-05T07:41:34.244Z","count":0,"department":"kd8c2VInnobDeS7hxOeu","name":"完熟きんかん　500ｇ","sales":6400,"qty":-8,"info":"春姫 2L/3L混合","dept":"kd8c2VInnobDeS7hxOeu","id":"UBbFoY60Dz31RtWqwhKl","price":800,"deleted":false,"old_id":"UBbFoY60Dz31RtWqwhKl"},"UhxQE015zmvkMESFz6ID":{"info":"2021年カレンダー","qty":-36,"timestamp":"2020-11-06T08:43:26.314Z","deleted":false,"price":1980,"name":"鬼滅の刃カレンダー2021","updated":"2020-11-23T08:44:50.933Z","dept":"kd8c2VInnobDeS7hxOeu","sales":71280,"department":"kd8c2VInnobDeS7hxOeu","old_id":"UhxQE015zmvkMESFz6ID"},"UjTAGcwdGNXugd1uOK4S":{"id":"UjTAGcwdGNXugd1uOK4S","info":"遅くなる場合は2月中旬お届け","timestamp":"2021-01-27T03:37:57.420Z","updatedAt":{"_seconds":1612319510,"_nanoseconds":453000000},"name":"赤外線体温計","count":1,"price":2500,"qty":0,"sales":245000,"department":"8LKNsHpFP5uKQTxk0nQB","dept":"8LKNsHpFP5uKQTxk0nQB","deleted":false,"old_id":"UjTAGcwdGNXugd1uOK4S"},"Vhh8NCzeJr6ZOWnvY3mU":{"name":"YCカレンダー2021","info":"2021年カレンダー","timestamp":"2020-12-08T09:45:59.833Z","updatedAt":{"_seconds":1608353970,"_nanoseconds":440000000},"dept":"kd8c2VInnobDeS7hxOeu","deleted":false,"department":"kd8c2VInnobDeS7hxOeu","count":361,"qty":30,"sales":18500,"updated":"2020-12-19T04:59:30.220Z","price":50,"id":"Vhh8NCzeJr6ZOWnvY3mU","old_id":"Vhh8NCzeJr6ZOWnvY3mU"},"W0l8ky3RN64msvFXv3QL":{"department":"WY11IJ6B58TwaguXdMXK","price":1200,"name":"梅干し／白干","timestamp":"2020-10-09T08:29:24.299Z","qty":4,"deleted":true,"info":"高津の食品事業部へメール","dept":"WY11IJ6B58TwaguXdMXK","sales":0,"old_id":"W0l8ky3RN64msvFXv3QL"},"WEsVDB6QczOAQYisMbua":{"info":"お届けは11月下旬頃予定（集金時）","qty":0,"price":250,"deleted":true,"dept":"kd8c2VInnobDeS7hxOeu","name":"ディズニーカレンダー2021","department":"kd8c2VInnobDeS7hxOeu","sales":0,"timestamp":"2020-10-27T03:13:31.134Z","old_id":"WEsVDB6QczOAQYisMbua"},"WVmv6mDeSoVN8vmTwLer":{"timestamp":"2020-11-23T03:19:52.940Z","info":"在庫は中央にあります","sales":22800,"qty":-19,"deleted":false,"department":"kd8c2VInnobDeS7hxOeu","dept":"kd8c2VInnobDeS7hxOeu","updated":"2020-12-22T00:45:05.969Z","updatedAt":{"_seconds":1608597906,"_nanoseconds":147000000},"price":1200,"name":"マスク","old_id":"WVmv6mDeSoVN8vmTwLer"},"WWcGWyRqdzGKn7xbAxqZ":{"dept":"8LKNsHpFP5uKQTxk0nQB","timestamp":"2020-11-03T00:09:12.384Z","qty":48,"deleted":true,"price":950,"updated":"2020-12-01T05:35:48.839Z","name":"房総の四季カレンダー","info":"房総の四季カレンダーの注文","department":"8LKNsHpFP5uKQTxk0nQB","sales":49400,"old_id":"WWcGWyRqdzGKn7xbAxqZ"},"WaAz1062XMUuqwJ1jR7u":{"timestamp":"2021-02-09T02:16:22.063Z","info":"2020年10月21日折込","price":1980,"updated":"2020-11-06T03:31:57.465Z","deleted":false,"sales":17820,"qty":0,"id":"WaAz1062XMUuqwJ1jR7u","name":"【終了】あご入りふりだし","department":"WY11IJ6B58TwaguXdMXK","dept":"WY11IJ6B58TwaguXdMXK","count":9,"old_id":"WaAz1062XMUuqwJ1jR7u"},"WcODOL9JKkIHsdKtBfAV":{"info":"お届けは11月下旬頃予定（集金時）","updated":"2021-01-05T07:39:09.401Z","deleted":false,"sales":11000,"price":250,"qty":0,"dept":"WY11IJ6B58TwaguXdMXK","name":"【終了】家計簿2021","department":"WY11IJ6B58TwaguXdMXK","count":44,"timestamp":"2021-02-09T02:17:21.030Z","updatedAt":{"nanoseconds":601000000,"seconds":1609832349},"id":"WcODOL9JKkIHsdKtBfAV","old_id":"WcODOL9JKkIHsdKtBfAV"},"WyIUhbfepGpwAPbp1Na8":{"qty":3,"count":23,"deleted":false,"id":"WyIUhbfepGpwAPbp1Na8","price":3564,"name":"★★八分目どんぶり三昧（１２食セット）","info":"注文は、山喜さんへFAX","timestamp":"2021-02-14T06:09:06.579Z","updatedAt":{"nanoseconds":827000000,"seconds":1612767978},"department":"WY11IJ6B58TwaguXdMXK","sales":81972,"dept":"WY11IJ6B58TwaguXdMXK","old_id":"WyIUhbfepGpwAPbp1Na8"},"XhGUExbdQjRhxzosKwXn":{"price":1300,"info":"皇室カレンダーの注文","department":"8LKNsHpFP5uKQTxk0nQB","deleted":true,"updated":"2020-12-27T06:12:06.773Z","dept":"8LKNsHpFP5uKQTxk0nQB","updatedAt":{"_seconds":1609049526,"_nanoseconds":874000000},"sales":92300,"timestamp":"2020-11-03T00:47:23.036Z","name":"皇室カレンダー","qty":429,"old_id":"XhGUExbdQjRhxzosKwXn"},"YQB15KMMjSsQfI6jOxsH":{"count":0,"qty":-5,"deleted":false,"updated":"2020-12-14T02:27:40.876Z","id":"YQB15KMMjSsQfI6jOxsH","updatedAt":{"_seconds":1607912850,"_nanoseconds":44000000},"department":"kd8c2VInnobDeS7hxOeu","price":1200,"info":"梅干し（白干、かつお、しそ、はちみつ、まろやか）","dept":"kd8c2VInnobDeS7hxOeu","sales":7200,"name":"梅干し","timestamp":"2020-12-07T05:31:01.488Z","old_id":"YQB15KMMjSsQfI6jOxsH"},"YVtZ7in2ss4ads0WujNF":{"updatedAt":{"_seconds":1609049596,"_nanoseconds":771000000},"id":"YVtZ7in2ss4ads0WujNF","price":250,"department":"8LKNsHpFP5uKQTxk0nQB","sales":3000,"timestamp":"2020-12-25T03:27:06.072Z","count":6,"dept":"8LKNsHpFP5uKQTxk0nQB","qty":13,"updated":"2020-12-27T06:13:16.671Z","name":"ディズニーカレンダー限定30本","info":"用意出来次第お届けと伝える","deleted":true,"old_id":"YVtZ7in2ss4ads0WujNF"},"Zu6fnGHoiC8USctfEF2p":{"info":"節分豆","qty":-1,"price":0,"deleted":true,"sales":0,"department":"8LKNsHpFP5uKQTxk0nQB","dept":"8LKNsHpFP5uKQTxk0nQB","updatedAt":{"_seconds":1610780067,"_nanoseconds":513000000},"timestamp":"2021-01-16T00:01:52.681Z","name":"節分豆","old_id":"Zu6fnGHoiC8USctfEF2p"},"aMcrujj4KDGmKTmY2EU3":{"sales":31200,"qty":74,"info":"広重アルバムの注文","updatedAt":{"_seconds":1612838943,"_nanoseconds":532000000},"deleted":false,"name":"額絵広重　アルバム","id":"aMcrujj4KDGmKTmY2EU3","updated":"2021-01-08T00:33:59.159Z","price":1200,"timestamp":"2020-12-08T04:05:55.007Z","department":"8LKNsHpFP5uKQTxk0nQB","dept":"8LKNsHpFP5uKQTxk0nQB","count":0,"old_id":"aMcrujj4KDGmKTmY2EU3"},"aUzwCz08s7XlK2PjnVle":{"deleted":false,"sales":24000,"qty":-20,"info":"2021年カレンダー","dept":"kd8c2VInnobDeS7hxOeu","price":1200,"department":"kd8c2VInnobDeS7hxOeu","timestamp":"2020-11-06T08:39:52.274Z","updated":"2020-11-23T08:45:14.022Z","name":"皇室カレンダー2021","old_id":"aUzwCz08s7XlK2PjnVle"},"bFxJQEmfnSh6bHEenVQn":{"deleted":false,"sales":728650,"name":"培養土","count":766,"department":"Ckxj0MUF2L16d4f4ELjG","qty":0,"updated":"2020-12-10T04:25:03.579Z","updatedAt":{"_seconds":1607574303,"_nanoseconds":772000000},"division":"八千代食品","price":950,"id":"bFxJQEmfnSh6bHEenVQn","timestamp":"2020-12-08T10:55:07.952Z","old_id":"bFxJQEmfnSh6bHEenVQn"},"cPx1uPSO35MmbN3K0Scy":{"department":"kd8c2VInnobDeS7hxOeu","info":"注文は電話／情報開発宣伝事業部TEL03ｰ5212ｰ1313／注文単位１０","price":100,"deleted":true,"qty":0,"dept":"kd8c2VInnobDeS7hxOeu","timestamp":"2020-10-27T03:15:16.157Z","sales":0,"name":"編集手帳書き写しノート","old_id":"cPx1uPSO35MmbN3K0Scy"},"d13R2AruMQ7J0WMtUIWV":{"department":"8LKNsHpFP5uKQTxk0nQB","qty":5,"count":0,"info":"クオカード500円","sales":0,"price":0,"updated":"2020-12-17T11:16:58.159Z","deleted":false,"updatedAt":{"_seconds":1608203818,"_nanoseconds":467000000},"name":"ダブルチャンス　クオカード500円","dept":"8LKNsHpFP5uKQTxk0nQB","id":"d13R2AruMQ7J0WMtUIWV","timestamp":"2020-12-07T07:55:04.511Z","old_id":"d13R2AruMQ7J0WMtUIWV"},"dUv35PJXBZKQPkcT4eh6":{"id":"dUv35PJXBZKQPkcT4eh6","name":"【終了】ひなあられプレゼント2021","info":"お届け：2/26～順次","dept":"WY11IJ6B58TwaguXdMXK","deleted":false,"department":"WY11IJ6B58TwaguXdMXK","price":0,"count":0,"qty":0,"sales":0,"timestamp":"2021-02-09T03:36:18.065Z","old_id":"dUv35PJXBZKQPkcT4eh6"},"dyxoxYSyM5EuPvUA0YD7":{"updatedAt":{"_seconds":1612423703,"_nanoseconds":353000000},"sales":8400,"price":2800,"dept":"kd8c2VInnobDeS7hxOeu","deleted":false,"department":"kd8c2VInnobDeS7hxOeu","updated":"2020-12-01T04:54:15.876Z","name":"アマノの味噌汁","info":"在庫は中央にあり","qty":-3,"timestamp":"2020-12-01T04:50:01.282Z","old_id":"dyxoxYSyM5EuPvUA0YD7"},"e0x30cBVDkybg52EfqcH":{"deleted":false,"updated":"2021-01-12T06:40:05.516Z","price":3300,"department":"WY11IJ6B58TwaguXdMXK","dept":"WY11IJ6B58TwaguXdMXK","timestamp":"2021-01-18T02:26:39.255Z","updatedAt":{"_seconds":1612064727,"_nanoseconds":969000000},"name":"●黒にんにく（500ｇ）","sales":46200,"info":"注文はFAX／東京読売開発FAX03-6687-5418／注文単位８から","qty":6,"count":10,"id":"e0x30cBVDkybg52EfqcH","old_id":"e0x30cBVDkybg52EfqcH"},"ebApXu6jhohRoa8IrGU1":{"sales":0,"price":2100,"dept":"WY11IJ6B58TwaguXdMXK","deleted":true,"timestamp":"2020-10-09T08:13:45.696Z","info":"電話で注文／ポスト２１TEL047-341-2121／入荷まで時間かかる","department":"WY11IJ6B58TwaguXdMXK","qty":9,"name":"琉球もろみ酢","old_id":"ebApXu6jhohRoa8IrGU1"},"euzbCix27W1zbxwPXk5a":{"updated":"2021-01-14T06:35:48.633Z","dept":"8LKNsHpFP5uKQTxk0nQB","timestamp":"2020-12-08T04:07:14.056Z","info":"額絵広重　額縁の注文","qty":93,"deleted":false,"updatedAt":{"_seconds":1612514164,"_nanoseconds":557000000},"sales":8400,"price":1200,"department":"8LKNsHpFP5uKQTxk0nQB","name":"額絵広重　額縁","old_id":"euzbCix27W1zbxwPXk5a"},"f1XN1GmVhjHN59uWqXrJ":{"id":"f1XN1GmVhjHN59uWqXrJ","info":"お届けは11月下旬頃予定（集金時）","timestamp":"2021-02-09T02:15:55.673Z","department":"WY11IJ6B58TwaguXdMXK","name":"【終了】手帳2021","deleted":false,"qty":2,"count":38,"price":650,"sales":24700,"updated":"2021-01-05T04:55:54.158Z","dept":"WY11IJ6B58TwaguXdMXK","updatedAt":{"nanoseconds":735000000,"seconds":1609822554},"old_id":"f1XN1GmVhjHN59uWqXrJ"},"hUAngpTBKXMH4zZrWWTs":{"updatedAt":{"_seconds":1613520124,"_nanoseconds":558000000},"deleted":false,"sales":4800,"qty":-2,"dept":"kd8c2VInnobDeS7hxOeu","timestamp":"2020-12-14T02:32:05.483Z","info":"広重","price":1200,"department":"kd8c2VInnobDeS7hxOeu","name":"額絵専用アルバム","old_id":"hUAngpTBKXMH4zZrWWTs"},"hsqTduMN68jVGojaBaPD":{"timestamp":"2021-01-18T02:27:32.164Z","updated":"2020-12-20T09:50:38.446Z","updatedAt":{"_seconds":1613470843,"_nanoseconds":833000000},"sales":27300,"qty":5,"id":"hsqTduMN68jVGojaBaPD","count":8,"dept":"WY11IJ6B58TwaguXdMXK","info":"注文はポスト21へ　TEL047-341-2121　FAX047-348-261","name":"●もろみ酢","deleted":false,"department":"WY11IJ6B58TwaguXdMXK","price":2100,"old_id":"hsqTduMN68jVGojaBaPD"},"iGOnT0OrfWMuT7Zrokwz":{"name":"梅干し／はちみつ","info":"高津の食品事業部へメール","price":1200,"deleted":true,"qty":4,"department":"WY11IJ6B58TwaguXdMXK","dept":"WY11IJ6B58TwaguXdMXK","timestamp":"2020-10-09T08:28:35.591Z","sales":0,"old_id":"iGOnT0OrfWMuT7Zrokwz"},"iTo3zVoLWPzOmLnR6a97":{"info":"ディズニーカレンダーの注文","updated":"2020-12-25T00:37:14.635Z","timestamp":"2020-10-14T07:02:09.830Z","department":"8LKNsHpFP5uKQTxk0nQB","count":1,"dept":"8LKNsHpFP5uKQTxk0nQB","updatedAt":{"_seconds":1608856634,"_nanoseconds":791000000},"id":"iTo3zVoLWPzOmLnR6a97","sales":43530,"name":"ディズニーカレンダー","qty":26,"price":250,"deleted":true,"old_id":"iTo3zVoLWPzOmLnR6a97"},"iazHkq9XEE3Yk1wWw7Bq":{"department":"fNhboDabBd0pw0tlO9n8","sales":null,"updatedAt":{"_seconds":1613442940,"_nanoseconds":152000000},"info":"2月上旬頃のお届け","qty":null,"count":104,"division":"食品","timestamp":"2021-02-09T08:36:00.140Z","deleted":false,"name":"アマノ味噌汁","price":2800,"id":"iazHkq9XEE3Yk1wWw7Bq","updated":"2021-01-14T05:02:40.770Z","old_id":"iazHkq9XEE3Yk1wWw7Bq"},"j0MzNFFiG1DhPKbkaIdJ":{"sales":1200,"updated":"2020-11-26T11:05:52.585Z","timestamp":"2020-11-13T04:43:16.445Z","dept":"WY11IJ6B58TwaguXdMXK","department":"WY11IJ6B58TwaguXdMXK","name":"梅干し／まろやか","price":1200,"info":"注文は、高津の食品事業部へメール","deleted":true,"qty":3,"old_id":"j0MzNFFiG1DhPKbkaIdJ"},"j9qZHWWivCmfNQ2UAPQ4":{"sales":0,"department":"kd8c2VInnobDeS7hxOeu","name":"編集手帳書き写しノート","deleted":false,"qty":0,"timestamp":"2020-11-06T08:44:21.284Z","info":"注文は電話／情報開発宣伝事業部TEL03ｰ5212ｰ1313／注文単位１０","price":100,"dept":"kd8c2VInnobDeS7hxOeu","old_id":"j9qZHWWivCmfNQ2UAPQ4"},"jMwgjAdiOhWapYdNjMYv":{"name":"おせんべい","sales":39600,"timestamp":"2021-02-09T08:36:26.238Z","qty":14,"deleted":false,"info":"おせんべい注文リスト","price":200,"updatedAt":{"_seconds":1613119243,"_nanoseconds":932000000},"dept":"Ckxj0MUF2L16d4f4ELjG","id":"jMwgjAdiOhWapYdNjMYv","updated":"2021-01-08T07:10:40.614Z","count":197,"department":"Ckxj0MUF2L16d4f4ELjG","old_id":"jMwgjAdiOhWapYdNjMYv"},"jjnKFL1o5KdkTijdMvqR":{"info":"完売","updated":"2021-01-13T04:45:53.651Z","dept":"Ckxj0MUF2L16d4f4ELjG","deleted":false,"id":"jjnKFL1o5KdkTijdMvqR","name":"干し芋　","timestamp":"2021-02-11T03:37:09.513Z","sales":212520,"department":"Ckxj0MUF2L16d4f4ELjG","updatedAt":{"nanoseconds":27000000,"seconds":1612409888},"qty":0,"price":420,"count":506,"old_id":"jjnKFL1o5KdkTijdMvqR"},"jtwtbrKOB5xqOwwusIeG":{"price":1200,"deleted":false,"updatedAt":{"nanoseconds":790000000,"seconds":1608716629},"id":"jtwtbrKOB5xqOwwusIeG","sales":9600,"qty":0,"count":8,"info":"注文は食品事業部へ","updated":"2020-12-23T09:43:49.298Z","timestamp":"2021-02-09T02:15:46.686Z","name":"【終了】梅干し／しそ","department":"WY11IJ6B58TwaguXdMXK","dept":"WY11IJ6B58TwaguXdMXK","old_id":"jtwtbrKOB5xqOwwusIeG"},"kSuZnPC1gt6sPaSCsFpQ":{"price":1200,"dept":"kd8c2VInnobDeS7hxOeu","timestamp":"2021-02-05T03:22:39.003Z","info":"茨木産3袋1セット","department":"kd8c2VInnobDeS7hxOeu","sales":16800,"deleted":false,"updatedAt":{"_seconds":1612746059,"_nanoseconds":615000000},"qty":16,"name":"干いも（3袋セット）","old_id":"kSuZnPC1gt6sPaSCsFpQ"},"lJXMPkT4UUbroz9kdw7k":{"name":"まぜごはん","deleted":false,"department":"fNhboDabBd0pw0tlO9n8","sales":110250,"count":140,"qty":-4,"updatedAt":{"_seconds":1613004954,"_nanoseconds":661000000},"division":"食品","price":750,"timestamp":"2021-01-30T07:08:47.078Z","info":"予備欄に種類入れる","id":"lJXMPkT4UUbroz9kdw7k","updated":"2021-01-14T07:26:59.918Z","old_id":"lJXMPkT4UUbroz9kdw7k"},"lNUqBANSnytAaOeMmfhV":{"name":"【終了】ディズニーカレンダー2021","timestamp":"2021-02-09T02:17:08.180Z","deleted":false,"updated":"2020-12-23T06:15:55.801Z","price":250,"dept":"WY11IJ6B58TwaguXdMXK","info":"お届けは11月下旬頃予定（集金時）","sales":82000,"qty":2,"id":"lNUqBANSnytAaOeMmfhV","count":328,"department":"WY11IJ6B58TwaguXdMXK","updatedAt":{"nanoseconds":54000000,"seconds":1608704156},"old_id":"lNUqBANSnytAaOeMmfhV"},"lzemtM9A413kXo5NxzVz":{"name":"【終了】干いも","qty":0,"deleted":false,"count":8,"updatedAt":{"seconds":1609921737,"nanoseconds":755000000},"updated":"2021-01-06T08:29:13.895Z","sales":3360,"price":420,"id":"lzemtM9A413kXo5NxzVz","department":"WY11IJ6B58TwaguXdMXK","timestamp":"2021-02-09T02:13:26.465Z","info":"120g入り／１袋","dept":"WY11IJ6B58TwaguXdMXK","old_id":"lzemtM9A413kXo5NxzVz"},"m6cSNPAvuwWhdhHhcdwG":{"timestamp":"2020-12-12T11:56:36.449Z","info":"注文は食品事業部へ","name":"梅干し／白干し","deleted":false,"count":3,"updated":"2021-01-12T02:40:22.383Z","dept":"WY11IJ6B58TwaguXdMXK","qty":2,"price":1200,"updatedAt":{"_seconds":1612837339,"_nanoseconds":968000000},"id":"m6cSNPAvuwWhdhHhcdwG","sales":6000,"department":"WY11IJ6B58TwaguXdMXK","old_id":"m6cSNPAvuwWhdhHhcdwG"},"mCmWgBY63YsfdjMIjwzb":{"info":"家計簿注文","timestamp":"2020-10-23T00:41:51.700Z","department":"8LKNsHpFP5uKQTxk0nQB","deleted":false,"updated":"2020-12-28T07:20:06.305Z","dept":"8LKNsHpFP5uKQTxk0nQB","sales":24000,"name":"家計簿","qty":9,"price":250,"updatedAt":{"_seconds":1609140006,"_nanoseconds":574000000},"old_id":"mCmWgBY63YsfdjMIjwzb"},"mSWFY63c2DVvmZxsIump":{"id":"mSWFY63c2DVvmZxsIump","deleted":false,"department":"WY11IJ6B58TwaguXdMXK","price":1200,"updated":"2020-12-12T11:38:04.109Z","sales":2400,"timestamp":"2021-02-09T02:13:16.217Z","count":2,"info":"注文は食品事業部へ","updatedAt":{"seconds":1607773084,"nanoseconds":267000000},"dept":"WY11IJ6B58TwaguXdMXK","name":"【終了】梅干し／かつお","qty":0,"old_id":"mSWFY63c2DVvmZxsIump"},"mXG8HuvzWULUQIqa3sQ6":{"timestamp":"2021-02-11T08:55:41.891Z","id":"mXG8HuvzWULUQIqa3sQ6","department":"WY11IJ6B58TwaguXdMXK","deleted":false,"count":3,"qty":0,"updatedAt":{"_seconds":1613439597,"_nanoseconds":503000000},"info":"","sales":7516,"dept":"WY11IJ6B58TwaguXdMXK","name":"●絹とうふ（しっかり）","price":1879,"old_id":"mXG8HuvzWULUQIqa3sQ6"},"mZlQwe1Edo37j53vCBKS":{"sales":0,"dept":"WY11IJ6B58TwaguXdMXK","deleted":true,"price":1200,"timestamp":"2020-10-09T08:28:06.337Z","qty":1,"info":"高津の食品事業部へメール","name":"梅干し／まろやか","department":"WY11IJ6B58TwaguXdMXK","old_id":"mZlQwe1Edo37j53vCBKS"},"mic03xq7ZZevIEdJObff":{"info":"坂本勇人タオル","price":3300,"qty":86,"dept":"8LKNsHpFP5uKQTxk0nQB","department":"8LKNsHpFP5uKQTxk0nQB","updated":"2020-12-17T05:32:06.978Z","sales":46200,"timestamp":"2020-12-12T10:42:18.986Z","count":5,"updatedAt":{"_seconds":1608183127,"_nanoseconds":178000000},"deleted":true,"name":"坂本勇人タオル","id":"mic03xq7ZZevIEdJObff","old_id":"mic03xq7ZZevIEdJObff"},"myeN6AfupMmURwqKztPm":{"dept":"Ckxj0MUF2L16d4f4ELjG","department":"Ckxj0MUF2L16d4f4ELjG","deleted":false,"info":"お届けは2月下旬","timestamp":"2021-02-11T04:21:36.633Z","price":3564,"updatedAt":{"nanoseconds":239000000,"seconds":1612838883},"id":"myeN6AfupMmURwqKztPm","count":24,"sales":85536,"qty":0,"name":"どんぶり三昧","old_id":"myeN6AfupMmURwqKztPm"},"n0a61fBMccDrUim0fg7s":{"dept":"8LKNsHpFP5uKQTxk0nQB","price":3000,"department":"8LKNsHpFP5uKQTxk0nQB","info":"限定7個","name":"オキシナビ②","updatedAt":{"_seconds":1612314785,"_nanoseconds":229000000},"sales":24000,"timestamp":"2021-01-29T00:47:41.761Z","deleted":false,"qty":-1,"old_id":"n0a61fBMccDrUim0fg7s"},"ni2pgZQ7V7wpsESq47Eq":{"deleted":false,"updatedAt":{"_seconds":1610948094,"_nanoseconds":318000000},"dept":"WY11IJ6B58TwaguXdMXK","id":"ni2pgZQ7V7wpsESq47Eq","department":"WY11IJ6B58TwaguXdMXK","sales":26400,"qty":83,"price":1200,"count":2,"timestamp":"2020-11-16T08:24:07.803Z","name":"マスク","info":"マスク","updated":"2020-11-29T14:14:05.490Z","old_id":"ni2pgZQ7V7wpsESq47Eq"},"nuLYLO2lYYShIdD7wKmB":{"qty":-4,"timestamp":"2020-11-10T02:56:54.559Z","updatedAt":{"_seconds":1608084936,"_nanoseconds":431000000},"department":"kd8c2VInnobDeS7hxOeu","info":"発注は中央でします。","name":"黒にんにく（500ｇ）","deleted":false,"updated":"2020-12-16T02:15:36.294Z","sales":13200,"dept":"kd8c2VInnobDeS7hxOeu","price":3300,"old_id":"nuLYLO2lYYShIdD7wKmB"},"ocswwgchrdekDrXPbZBv":{"sales":540,"updatedAt":{"nanoseconds":286000000,"seconds":1610603462},"name":"★★相知高菜のまぜごはん","department":"WY11IJ6B58TwaguXdMXK","timestamp":"2021-02-17T07:02:29.770Z","id":"ocswwgchrdekDrXPbZBv","updated":"2021-01-14T05:51:02.109Z","info":"※まだ中央店には在庫ありません","price":270,"qty":2,"count":2,"deleted":false,"dept":"WY11IJ6B58TwaguXdMXK","old_id":"ocswwgchrdekDrXPbZBv"},"ogxw5nmKnTrpMe1vnjPf":{"sales":14400,"department":"WY11IJ6B58TwaguXdMXK","deleted":false,"qty":0,"name":"【終了】ジャイアンツカレンダー2021","timestamp":"2021-02-09T02:06:47.977Z","price":1800,"dept":"WY11IJ6B58TwaguXdMXK","count":8,"updated":"2020-12-04T04:36:16.256Z","id":"ogxw5nmKnTrpMe1vnjPf","info":"注文は、FAX03ｰ5479ｰ1289（３本からだと安い","old_id":"ogxw5nmKnTrpMe1vnjPf"},"ojRg7RPSY29fOZ2j0OyD":{"dept":"WY11IJ6B58TwaguXdMXK","timestamp":"2021-02-09T01:55:51.794Z","sales":5700,"id":"ojRg7RPSY29fOZ2j0OyD","name":"【終了】G長嶋茂雄カレンダー2021","deleted":false,"qty":0,"count":3,"info":"注文は、FAX03ｰ5479ｰ1289","price":1900,"department":"WY11IJ6B58TwaguXdMXK","updated":"2020-12-04T04:35:35.505Z","old_id":"ojRg7RPSY29fOZ2j0OyD"},"qOb8qaxS6QISZsC0CcRq":{"info":"お届け2/16～順次　※注文単位：サイズ混合３枚以上から","name":"【終了】抗ウイルスマスク【Ｍサイズ】","dept":"WY11IJ6B58TwaguXdMXK","qty":0,"price":750,"count":15,"deleted":false,"updatedAt":{"seconds":1612841461,"nanoseconds":871000000},"timestamp":"2021-02-17T07:02:00.182Z","id":"qOb8qaxS6QISZsC0CcRq","department":"WY11IJ6B58TwaguXdMXK","sales":11250,"old_id":"qOb8qaxS6QISZsC0CcRq"},"qWaRmQBVkkTAlifgSBPt":{"updated":"2020-10-09T08:48:54.719Z","count":0,"price":100,"qty":43,"timestamp":"2020-10-09T08:24:02.397Z","dept":"WY11IJ6B58TwaguXdMXK","id":"qWaRmQBVkkTAlifgSBPt","sales":0,"department":"WY11IJ6B58TwaguXdMXK","info":"電話で注文／情開宣伝事業部TEL03-5212-1313／注文単位１０","name":"編集手帳書き写しノート","deleted":true,"old_id":"qWaRmQBVkkTAlifgSBPt"},"qZgVO7oY0W5v6haDKIUS":{"info":"FAXで注文／山喜（担当／炭本さん）FAX082-871-0117／注文単位４から","deleted":true,"sales":0,"dept":"WY11IJ6B58TwaguXdMXK","timestamp":"2020-10-09T08:38:49.572Z","price":3564,"qty":3,"name":"どんぶり三昧","department":"WY11IJ6B58TwaguXdMXK","old_id":"qZgVO7oY0W5v6haDKIUS"},"s1CecvfkxHZkb5AGlwoX":{"updated":"2020-10-23T00:44:08.710Z","dept":"8LKNsHpFP5uKQTxk0nQB","price":0,"department":"8LKNsHpFP5uKQTxk0nQB","timestamp":"2020-10-23T00:43:48.638Z","info":"手帳","sales":0,"qty":200,"deleted":true,"name":"女性の手帳","old_id":"s1CecvfkxHZkb5AGlwoX"},"tMy9ssw9XQPkwjpF9Eg3":{"name":"よみうりキルト時間","qty":2,"price":612,"department":"WY11IJ6B58TwaguXdMXK","info":"読売情報開発宣伝事業部　03-5212-1313","updated":"2020-12-24T10:10:04.323Z","dept":"WY11IJ6B58TwaguXdMXK","timestamp":"2020-12-24T10:06:52.742Z","sales":3672,"deleted":false,"updatedAt":{"_seconds":1608804604,"_nanoseconds":462000000},"old_id":"tMy9ssw9XQPkwjpF9Eg3"},"tW1a60fEdgrAkUspzcsB":{"timestamp":"2020-12-14T02:32:50.420Z","department":"kd8c2VInnobDeS7hxOeu","name":"額絵特製額縁","price":1200,"deleted":false,"info":"広重","sales":0,"qty":4,"dept":"kd8c2VInnobDeS7hxOeu","old_id":"tW1a60fEdgrAkUspzcsB"},"tXlMDzmkRisDdHjp2MzO":{"department":"WY11IJ6B58TwaguXdMXK","qty":1,"updatedAt":{"seconds":1610673300,"nanoseconds":48000000},"deleted":false,"sales":1890,"dept":"WY11IJ6B58TwaguXdMXK","name":"★★有明鶏のかしわめし","timestamp":"2021-02-17T07:02:15.119Z","info":"※まだ中央店には在庫ありません","id":"tXlMDzmkRisDdHjp2MzO","price":270,"count":7,"updated":"2021-01-14T07:07:06.177Z","old_id":"tXlMDzmkRisDdHjp2MzO"},"tZYwnV1FXIKN9dlPxS3b":{"timestamp":"2020-10-06T12:01:19.476Z","sales":19008,"price":4752,"name":"らっきょう6P","department":"fNhboDabBd0pw0tlO9n8","updated":"2020-09-12T07:53:52.896Z","id":"tZYwnV1FXIKN9dlPxS3b","division":"食品","deleted":true,"qty":0,"old_id":"tZYwnV1FXIKN9dlPxS3b"},"u9f8tRT7yVHuCPFqPOxg":{"name":"★★ひなあられ　2021","deleted":false,"info":"お届け：2/26以降順次","timestamp":"2021-02-17T07:04:32.696Z","department":"WY11IJ6B58TwaguXdMXK","sales":0,"qty":48,"dept":"WY11IJ6B58TwaguXdMXK","price":0,"old_id":"u9f8tRT7yVHuCPFqPOxg"},"uM1WMgvPhRZIBwF1RQyz":{"name":"手帳2021","deleted":true,"info":"お届けは11月下旬頃予定（集金時）","sales":0,"dept":"kd8c2VInnobDeS7hxOeu","timestamp":"2020-10-27T03:12:07.307Z","price":650,"qty":0,"department":"kd8c2VInnobDeS7hxOeu","old_id":"uM1WMgvPhRZIBwF1RQyz"},"ujbQICoA83UAMaWWXnpF":{"dept":"kd8c2VInnobDeS7hxOeu","qty":0,"info":"お届けは11月下旬頃予定（集金時）","department":"kd8c2VInnobDeS7hxOeu","price":950,"sales":0,"name":"千葉日報カレンダー房総の四季2021","timestamp":"2020-10-27T03:13:48.162Z","deleted":true,"old_id":"ujbQICoA83UAMaWWXnpF"},"ulZfIvzb51iMTz54lL2u":{"updated":"2020-10-08T12:26:29.832Z","sales":13000,"qty":0,"department":"fNhboDabBd0pw0tlO9n8","timestamp":"2020-09-25T08:39:30.743Z","division":"食品","deleted":false,"id":"ulZfIvzb51iMTz54lL2u","price":1000,"name":"讃岐うどん","old_id":"ulZfIvzb51iMTz54lL2u"},"vNJxF7Sa8Vmve9uiuHlh":{"deleted":true,"timestamp":"2021-01-09T09:56:00.653Z","id":"vNJxF7Sa8Vmve9uiuHlh","info":"12月28日店着28,29日に全員おとどけ","updated":"2020-12-26T04:51:11.893Z","dept":"Ckxj0MUF2L16d4f4ELjG","name":"のしもち","sales":360000,"price":1500,"qty":0,"count":240,"department":"Ckxj0MUF2L16d4f4ELjG","updatedAt":{"seconds":1608958230,"nanoseconds":683000000},"old_id":"vNJxF7Sa8Vmve9uiuHlh"},"vR0uesV3yyGd4fKGRXt7":{"updatedAt":{"_seconds":1612416895,"_nanoseconds":966000000},"timestamp":"2021-02-04T05:34:01.283Z","info":"相知高菜の混ぜご飯","dept":"kd8c2VInnobDeS7hxOeu","price":270,"sales":270,"qty":49,"deleted":false,"name":"混ぜご飯(相知高菜）","department":"kd8c2VInnobDeS7hxOeu","old_id":"vR0uesV3yyGd4fKGRXt7"},"wEMeUYgbRy45URKcqMUu":{"timestamp":"2020-10-27T03:12:48.516Z","name":"家計簿2021","dept":"kd8c2VInnobDeS7hxOeu","price":250,"deleted":true,"sales":0,"department":"kd8c2VInnobDeS7hxOeu","qty":0,"info":"お届けは11月下旬頃予定（集金時）","old_id":"wEMeUYgbRy45URKcqMUu"},"wQAmNbWn0ryfUKLvt4r7":{"deleted":true,"sales":0,"department":"kd8c2VInnobDeS7hxOeu","info":"チタン包丁","updatedAt":{"_seconds":1609036857,"_nanoseconds":722000000},"dept":"kd8c2VInnobDeS7hxOeu","price":3278,"name":"銀抗菌チタン包丁","updated":"2020-12-27T03:10:21.776Z","qty":50,"timestamp":"2020-12-27T02:23:08.954Z","old_id":"wQAmNbWn0ryfUKLvt4r7"},"xrG9juxeL3HCBfwQZHxb":{"updatedAt":{"_seconds":1610782994,"_nanoseconds":253000000},"updated":"2021-01-12T02:40:42.866Z","count":8,"name":"梅干し／はちみつ","id":"xrG9juxeL3HCBfwQZHxb","dept":"WY11IJ6B58TwaguXdMXK","sales":12000,"price":1200,"timestamp":"2020-12-15T05:17:29.505Z","department":"WY11IJ6B58TwaguXdMXK","info":"注文は食品事業部へ","deleted":false,"qty":1,"old_id":"xrG9juxeL3HCBfwQZHxb"},"xspAvmzeSuLHcK7I9dXE":{"updatedAt":{"_seconds":1613436634,"_nanoseconds":724000000},"count":0,"qty":-12,"deleted":false,"name":"★★完熟きんかん（春姫）2021","timestamp":"2021-02-05T00:40:53.131Z","dept":"WY11IJ6B58TwaguXdMXK","info":"１箱２ｋｇ入り（２Ｌサイズ）　※締切：2/19　※お届け：2/24以降","id":"xspAvmzeSuLHcK7I9dXE","department":"WY11IJ6B58TwaguXdMXK","price":2650,"sales":31800,"old_id":"xspAvmzeSuLHcK7I9dXE"},"yUkMgQKZxQTmbphkVB8b":{"timestamp":"2020-12-14T02:30:12.205Z","sales":0,"name":"額絵専用アルバム","deleted":true,"dept":"kd8c2VInnobDeS7hxOeu","qty":4,"info":"広重","department":"kd8c2VInnobDeS7hxOeu","price":1200,"old_id":"yUkMgQKZxQTmbphkVB8b"},"ymz7aF86JZ6J6wmGWd0g":{"info":"店カレンダーの注文","sales":3550,"updatedAt":{"_seconds":1608956571,"_nanoseconds":935000000},"timestamp":"2020-10-19T00:12:48.878Z","updated":"2020-12-29T02:12:31.455Z","dept":"8LKNsHpFP5uKQTxk0nQB","name":"店カレンダー","department":"8LKNsHpFP5uKQTxk0nQB","qty":3129,"deleted":true,"price":50,"old_id":"ymz7aF86JZ6J6wmGWd0g"},"z8i2IEolYryIXHoUNgUc":{"deleted":false,"price":2500,"sales":402500,"dept":"WY11IJ6B58TwaguXdMXK","count":161,"updatedAt":{"seconds":1612834873,"nanoseconds":607000000},"id":"z8i2IEolYryIXHoUNgUc","timestamp":"2021-02-09T03:36:43.556Z","qty":3,"department":"WY11IJ6B58TwaguXdMXK","name":"◆◆赤外線温度計","info":"1/26朝刊入り","old_id":"z8i2IEolYryIXHoUNgUc"},"zPE8Nwv7fo2n1xR7hpUk":{"department":"WY11IJ6B58TwaguXdMXK","updated":"2021-01-06T08:31:51.766Z","qty":0,"info":"３袋セット（120g×３）","updatedAt":{"nanoseconds":806000000,"seconds":1612585586},"name":"【終了】干いも","deleted":false,"sales":76800,"count":64,"timestamp":"2021-02-09T01:55:32.374Z","id":"zPE8Nwv7fo2n1xR7hpUk","price":1200,"dept":"WY11IJ6B58TwaguXdMXK","old_id":"zPE8Nwv7fo2n1xR7hpUk"},"zQewtewW2NafispG4ZUd":{"department":"8LKNsHpFP5uKQTxk0nQB","count":1,"deleted":false,"info":"遅くなる場合は2月中旬お届け","timestamp":"2021-01-27T03:38:10.143Z","sales":417000,"id":"zQewtewW2NafispG4ZUd","qty":1,"price":3000,"updatedAt":{"_seconds":1611882469,"_nanoseconds":864000000},"name":"オキシナビ","dept":"8LKNsHpFP5uKQTxk0nQB","old_id":"zQewtewW2NafispG4ZUd"},"zbiZ2BtoZuHOtBj2Q2KR":{"count":20,"department":"fNhboDabBd0pw0tlO9n8","deleted":false,"sales":24000,"qty":12,"id":"zbiZ2BtoZuHOtBj2Q2KR","info":"今ある在庫で販売終了 ","timestamp":"2021-01-30T07:09:45.206Z","updated":"2020-12-21T01:12:28.637Z","price":1200,"name":"つぶれ梅","division":"食品","updatedAt":{"seconds":1610773881,"nanoseconds":299000000},"old_id":"zbiZ2BtoZuHOtBj2Q2KR"},"znsGtbbdXiYa3VpZZd6g":{"deleted":true,"price":2090,"name":"ひだまり　ダブルソックス","timestamp":"2020-12-18T01:53:20.854Z","dept":"Ckxj0MUF2L16d4f4ELjG","sales":0,"qty":100,"department":"Ckxj0MUF2L16d4f4ELjG","info":"ひだまり","old_id":"znsGtbbdXiYa3VpZZd6g"},"zst20WhBjo3zqbVwdVRR":{"updatedAt":{"_seconds":1613021044,"_nanoseconds":469000000},"timestamp":"2021-02-03T23:52:10.047Z","department":"8LKNsHpFP5uKQTxk0nQB","dept":"8LKNsHpFP5uKQTxk0nQB","sales":36000,"deleted":false,"price":750,"qty":452,"info":"3枚以上","name":"抗ウイルスマスク","old_id":"zst20WhBjo3zqbVwdVRR"}}}